<?xml version="1.0" encoding="UTF-8"?><collection xmlns="http://www.loc.gov/MARC21/slim"><record><leader>00374nam--2200133-i-4500</leader><controlfield tag="001">000027897</controlfield><controlfield tag="002">20161230</controlfield><controlfield tag="005">20161230201037</controlfield><controlfield tag="008">060222s1000------------r-----000-0-eng-d</controlfield><datafield ind1=" " ind2=" " tag="080"><subfield code="a">547:615.3</subfield></datafield><datafield ind1=" " ind2=" " tag="100"><subfield code="a">Lednicer, Daniel And Mitscher, Lester A</subfield></datafield><datafield ind1=" " ind2=" " tag="245"><subfield code="a">The organic chemistry of drug synthesis</subfield></datafield><datafield ind1=" " ind2=" " tag="260"><subfield code="a">New York, John Wiley And Sons, 1980, Xvii + 526p</subfield></datafield><datafield ind1=" " ind2=" " tag="852"><subfield code="a">48899</subfield></datafield></record></collection>